@book{java_language,
    title={The Java programming language},
    author={Arnold, Ken and Gosling, James and Holmes, David},
    year={2005},
    publisher={Addison Wesley Professional}
}

@manual{spring_boot,
    title        = {Spring Boot Reference Documentation},
    author       = {{Spring Boot Team}},
    organization = {Spring},
    year         = {2025},
    note         = {Version 3.2.2},
    url          = {https://docs.spring.io/spring-boot/},
    howpublished = {\url{https://docs.spring.io/spring-boot/}},
    urldate      = {2025-06-27}
}

@article{docker,
    title={Docker: lightweight linux containers for consistent development and deployment},
    author={Merkel, Dirk},
    journal={Linux journal},
    volume={2014},
    number={239},
    pages={2},
year={2014}
}

@misc{github,
    author={github},
    title={GitHub},
    year={2025},
    url={https://github.com/},
}

@misc{netcup,
    author       = {{netcup GmbH}},
    title        = {netcup: Your Partner for Web Hosting, Servers, Domains},
    year         = {2025},
    howpublished = {\url{https://www.netcup.com/en}},
    note         = {Accessed: 2025-06-27},
    organization = {netcup GmbH},
address      = {Germany}
}

@manual{mysql,
    title        = {MySQL Reference Manual},
    author       = {{MySQL Development Team}},
    year         = {2002},
    note         = {Version 4.0},
    url          = {https://dev.mysql.com/doc/refman/4.0/en/},
    organization = {MySQL AB},
    address      = {Sweden},
    urldate      = {2025-06-27}
}

@manual{kubernetes,
    title        = {Kubernetes Documentation},
    author       = {{Kubernetes Contributors}},
    year         = {2025},
    note         = {Open-source container orchestration system},
    url          = {https://kubernetes.io/},
    organization = {Cloud Native Computing Foundation},
    urldate      = {2025-06-27}
}

@article{ConwaysLaw,
    author = {McManus, John},
    year = {2019},
    month = {12},
    pages = {50-51},
    title = {Conwayâ€™s Law: A Focus on Information Systems Development},
    volume = {61},
    journal = {ITNOW},
    doi = {10.1093/itnow/bwz112}
}

@article{nginx,
    author = {Reese, Will},
    title = {Nginx: the high-performance web server and reverse proxy},
    year = {2008},
    issue_date = {September 2008},
    publisher = {Belltown Media},
    address = {Houston, TX},
    volume = {2008},
    number = {173},
    issn = {1075-3583},
    abstract = {A leaner, meaner Apache.},
    journal = {Linux J.},
    month = sep,
    articleno = {2}
}

@manual{redis,
    title        = {Redis Documentation},
    author       = {{Redis Contributors}},
    year         = {2025},
    note         = {Version 8.0},
    url          = {https://redis.io/docs/latest/},
    organization = {Redis Ltd.},
    urldate      = {2025-06-27}
}

@online{fowler2004strangler,
    author       = {Martin Fowler},
    title        = {Strangler Fig Application},
    year         = {2004},
    url          = {https://martinfowler.com/bliki/StranglerFigApplication.html},
    urldate      = {2025-06-27},
    note         = {Accessed: 2025-06-27}
}

@manual{rabbitmq,
    title        = {RabbitMQ Documentation},
    author       = {{RabbitMQ Team}},
    year         = {2025},
    note         = {Version 3.13},
    url          = {https://www.rabbitmq.com/documentation.html},
    organization = {VMware, Inc.},
    urldate      = {2025-06-27}
}
